<record><leader>00000cas a2200000 a 4500</leader><controlfield tag="001">9493875</controlfield><controlfield tag="008">830509d19391954nyuwn ne      0    0ita c</controlfield><datafield ind1=" " ind2=" " tag="010"><subfield code="a">sn 83045491 </subfield></datafield><datafield ind1=" " ind2=" " tag="040"><subfield code="a">CRL</subfield><subfield code="b">eng</subfield><subfield code="c">CRL</subfield><subfield code="d">NPW</subfield><subfield code="d">NPU</subfield><subfield code="d">DLC</subfield><subfield code="d">YOX</subfield><subfield code="d">CRL</subfield><subfield code="d">OCLCQ</subfield><subfield code="d">DLC</subfield><subfield code="d">OCLCQ</subfield><subfield code="d">OCLCF</subfield><subfield code="d">OCLCO</subfield></datafield><datafield ind1="1" ind2=" " tag="029"><subfield code="a">AU@</subfield><subfield code="b">000020277133</subfield></datafield><datafield ind1="0" ind2=" " tag="041"><subfield code="a">itaeng</subfield></datafield><datafield ind1=" " ind2=" " tag="042"><subfield code="a">pcc</subfield></datafield><datafield ind1=" " ind2=" " tag="043"><subfield code="a">n-us---</subfield><subfield code="a">n-us-ny</subfield></datafield><datafield ind1="0" ind2="0" tag="050"><subfield code="a">Newspaper</subfield></datafield><datafield ind1="0" ind2="2" tag="245"><subfield code="a">L'unita &#768;del popolo.</subfield></datafield><datafield ind1="1" ind2=" " tag="246"><subfield code="i">Issues for &lt;Oct. 7, 1939-July 6, 1940&gt; contain English language section with title:</subfield><subfield code="a">Unity of the people</subfield></datafield><datafield ind1=" " ind2=" " tag="260"><subfield code="a">New York, N.Y. :</subfield><subfield code="b">L'Unita' Pub. Ass.,</subfield><subfield code="c">-1954]</subfield></datafield><datafield ind1=" " ind2=" " tag="300"><subfield code="a">v. :</subfield><subfield code="b">ill. ;</subfield><subfield code="c">45-57 cm.</subfield></datafield><datafield ind1=" " ind2=" " tag="310"><subfield code="a">Weekly (except two weeks during Aug.),</subfield><subfield code="b">Sept. 27, 1952-July 10, 1954</subfield></datafield><datafield ind1=" " ind2=" " tag="321"><subfield code="a">Weekly,</subfield><subfield code="b">&lt;Oct. 7, 1939&gt;-Aug. 11, 1951</subfield></datafield><datafield ind1=" " ind2=" " tag="321"><subfield code="a">Monthly,</subfield><subfield code="b">Sept. 1951-Aug. 1952</subfield></datafield><datafield ind1="1" ind2=" " tag="362"><subfield code="a">Began in Apr. 1939.</subfield></datafield><datafield ind1="0" ind2=" " tag="362"><subfield code="a">-v. 17, no. 28 (10 luglio 1954).</subfield></datafield><datafield ind1=" " ind2=" " tag="500"><subfield code="a">"Settimanale delle forze progressive italo-americane," &lt;Oct. 7, 1939-Dec. 20, 1941&gt;</subfield></datafield><datafield ind1=" " ind2=" " tag="515"><subfield code="a">Vols. 10 and 14 omitted from numbering.</subfield></datafield><datafield ind1=" " ind2=" " tag="530"><subfield code="a">Also issued on microfilm from the Library of Congress Photoduplication Service and Center for Research Libraries.</subfield></datafield><datafield ind1=" " ind2=" " tag="546"><subfield code="a">In Italian and English.</subfield></datafield><datafield ind1=" " ind2=" " tag="588"><subfield code="a">Description based on: Vol. 1, no. 29 (7 ott. 1939).</subfield></datafield><datafield ind1=" " ind2="0" tag="650"><subfield code="a">Italians</subfield><subfield code="z">United States</subfield><subfield code="v">Newspapers.</subfield></datafield><datafield ind1=" " ind2="0" tag="650"><subfield code="a">Italian Americans</subfield><subfield code="v">Newspapers.</subfield></datafield><datafield ind1=" " ind2="0" tag="651"><subfield code="a">New York (N.Y.)</subfield><subfield code="v">Newspapers.</subfield></datafield><datafield ind1=" " ind2="7" tag="655"><subfield code="a">Newspapers.</subfield><subfield code="2">fast</subfield><subfield code="0">(OCoLC)fst01423814</subfield></datafield><datafield ind1=" " ind2="7" tag="650"><subfield code="a">Italian Americans.</subfield><subfield code="2">fast</subfield><subfield code="0">(OCoLC)fst00980419</subfield></datafield><datafield ind1=" " ind2="7" tag="650"><subfield code="a">Italians.</subfield><subfield code="2">fast</subfield><subfield code="0">(OCoLC)fst00980750</subfield></datafield><datafield ind1=" " ind2="7" tag="651"><subfield code="a">New York (State)</subfield><subfield code="z">New York.</subfield><subfield code="2">fast</subfield><subfield code="0">(OCoLC)fst01204333</subfield></datafield><datafield ind1=" " ind2="7" tag="651"><subfield code="a">United States.</subfield><subfield code="2">fast</subfield><subfield code="0">(OCoLC)fst01204155</subfield></datafield><datafield ind1=" " ind2=" " tag="752"><subfield code="a">United States</subfield><subfield code="b">New York</subfield><subfield code="c">New York</subfield><subfield code="d">New York.</subfield></datafield></record>